<?xml version="1.0" encoding="UTF-8"?><record xmlns="http://www.loc.gov/MARC21/slim" xmlns:cinclude="http://apache.org/cocoon/include/1.0" xmlns:zs="http://www.loc.gov/zing/srw/">
  <leader>00514nz  a2200145n  4500</leader>
  <controlfield tag="001">no2009006400</controlfield>
  <controlfield tag="003">DLC</controlfield>
  <controlfield tag="005">20090117082301.0</controlfield>
  <controlfield tag="008">090115n| acannaabn          |a aaa     c</controlfield>
  <datafield tag="010" ind1=" " ind2=" ">
    <subfield code="a">no2009006400</subfield>
  </datafield>
  <datafield tag="035" ind1=" " ind2=" ">
    <subfield code="a">(OCoLC)oca07987207</subfield>
  </datafield>
  <datafield tag="040" ind1=" " ind2=" ">
    <subfield code="a">CU</subfield>
    <subfield code="b">eng</subfield>
    <subfield code="c">CU</subfield>
  </datafield>
  <datafield tag="100" ind1="1" ind2=" ">
    <subfield code="a">Moreno Pérez, Orlando Eleazar</subfield>
  </datafield>
  <datafield tag="400" ind1="1" ind2=" ">
    <subfield code="a">Pérez, Orlando Eleazar Moreno</subfield>
  </datafield>
  <datafield tag="670" ind1=" " ind2=" ">
    <subfield code="a">Desarrollo económico y urbanización en el oriente de la Zona Metropolitana de la Ciudad de México, 1980-2010, 2008:</subfield>
    <subfield code="b">t.p. (Orlando Eleazar Moreno Pérez)</subfield>
  </datafield>
</record>